01REMESSA01COBRANCA       065400194703        ITRIX INTERNET INTELIGENTE LTD341BANCO ITAU SA  011117                                                                                                                                                                                                                                                                                                      000001
10213699339000170065400194703    0000N/A                      000088480000000000000109                     I018848      13111700000000039903410065408N011117053900000000000001311170000000000000000000000000000000000000000200005444414430Manoel Eleuterio Neto                   Av Jacarand Lote 18 Condomnio You Life SSul guas Cla71927540Brasilia       DF                                  00000000 000002
10213699339000170065400194703    0000N/A                      000088530000000000000109                     I018853      10121700000000065243410065408N031117053900000000000001012170000000000000000000000000000000000000000200000558685331Mylena Freita Feitosa                   AV das Araucrias Condomnio Blend Apt1313Sul guas Cla71936250Braslia        DF                                  00000000 000003
10213699339000170065400194703    0000N/A                      000088570000000000000109                     I018857      10121700000000062913410065408N031117053900000000000001012170000000000000000000000000000000000000000200000076720128Rmulo Santiago Sampaio Carvalh          Rua 4 Residencial Modern Life Apt 1408  Norte guas C71907540Braslia        DF                                  00000000 000004
10213699339000170065400194703    0000N/A                      000088750000000000000109                     I018875      13111700000000029903410065408N061117053900000000000001311170000000000000000000000000000000000000000200073399620187Jean Carlos Valerio Falco               Rua 37 Sul Lote 1719 Condomnio Real CeleSul guas Cla71931540Braslia        DF                                  00000000 000005
10213699339000170065400194703    0000N/A                      000089560000000000000109                     I018956      10121700000000048933410065408N091117053900000000000001012170000000000000000000000000000000000000000200001477582118Tarsila Braga de Oliveira               Rua 37 Lote 04 Residencial Cincinatti ApNorte guas C71919360Braslia        DF                                  00000000 000006
10213699339000170065400194703    0000N/A                      000089570000000000000109                     I018957      10121700000000062933410065408N091117053900000000000001012170000000000000000000000000000000000000000200003437712179Paulo Victor Delfino da Rocha           CCSW 02 Lote 04 Condomnio Linea Studio HSudoeste    70680250Braslia        DF                                  00000000 000007
10213699339000170065400194703    0000N/A                      000089350000000000000109                     I018935      10121700000000065933410065408N081117053900000000000001012170000000000000000000000000000000000000000200003689669170Hugo de Melo Silva                      Rua 4 Residencial Modern Life Apt 1004  Norte guas C71907540Braslia        DF                                  00000000 000008
10213699339000170065400194703    0000N/A                      000089360000000000000109                     I018936      10121700000000051263410065408N081117053900000000000001012170000000000000000000000000000000000000000200034118968843Kleber Salustiano da Silva              Av Jacarand Lote 18 Condomnio You Life SSul guas Cla71927540Braslia        DF                                  00000000 000009
10213699339000170065400194703    0000N/A                      000090970000000000000109                     I019097      22111700000000210003410065408N131117053900000000000002211170000000000000000000000000000000000000000200000802000100HC Pneus SA                             St Sia Trecho 01                        Setor De Ind71200010Brasilia       DF                                  00000000 000010
10213699339000170065400194703    0000N/A                      000091030000000000000109                     I019103      17111700000000080003410065408N131117053900000000000001711170000000000000000000000000000000000000000200093815476100Maurinei Pereira Da Silva               SCIA Qd 15 Conjunto 2 Loja 23   Sala 107Zona Industr71250025Braslia        DF                                  00000000 000011
10213699339000170065400194703    0000N/A                      000090950000000000000109                     I019095      14111400000000069903410065408N101117053900000000000001411140000000000000000000000000000000000000000200000558685331Mylena Freita Feitosa                   AV das Araucrias Condomnio Blend Apt1313Sul guas Cla71936250Braslia        DF                                  00000000 000012
10213699339000170065400194703    0000N/A                      000090940000000000000109                     I019094      11111700000000069903410065408N101117053900000000000001111170000000000000000000000000000000000000000200000558685331Mylena Freita Feitosa                   AV das Araucrias Condomnio Blend Apt1313Sul guas Cla71936250Braslia        DF                                  00000000 000013
10213699339000170065400194703    0000N/A                      000090960000000000000109                     I019096      10121700000000039613410065408N131117053900000000000001012170000000000000000000000000000000000000000200003617608175Andreia Machado Seoane                  Rua 37 Sul Lote 1719 Condomnio Real CeleSul guas Cla71931540Braslia        DF                                  00000000 000014
10213699339000170065400194703    0000N/A                      000091110000000000000109                     I019111      22111700000000210003410065408N131117053900000000000002211170000000000000000000000000000000000000000212801752000130MIAMI EMPREENDIMENTOS IMOBILIA          SIA TRECHO 1 LOTE 1711                  Zona Industr71200010Braslia        DF                                  00000000 000015
10213699339000170065400194703    0000N/A                      000091120000000000000109                     I019112      10121700000000050943410065408N131117053900000000000001012170000000000000000000000000000000000000000200001976561027Marco Antnio de Lima                    Rua 37 Lote 04 Residencial Cincinatti ApNorte guas C71919360Braslia        DF                                  00000000 000016
10213699339000170065400194703    0000N/A                      000091130000000000000109                     I019113      20111700000000055923410065408N131117053900000000000002011170000000000000000000000000000000000000000200072530804168Sara Coimbra Mota                       Rua 25 Condomnio Park Style Apt 1707 D  Sul guas Cla71927180Braslia        DF                                  00000000 000017
10213699339000170065400194703    0000N/A                      000091140000000000000109                     I019114      14111700000000080003410065408N131117053900000000000001411170000000000000000000000000000000000000000200014782557817Paulo Cesar Boberh Barongen             CCSW 02 Lote 04 Condomnio Linea Studio HSudoeste    70680250Braslia        DF                                  00000000 000018
10213699339000170065400194703    0000N/A                      000091150000000000000109                     I019115      14111700000000034953410065408N131117053900000000000001411170000000000000000000000000000000000000000200072316942172Cibele de Melo Sales Macedo             Av Jacarand Lote 18 Condomnio You Life SSul guas Cla71927540Brasilia       DF                                  00000000 000019
10213699339000170065400194703    0000N/A                      000090460000000000000109                     I019046      10121700000000059933410065408N101117053900000000000001012170000000000000000000000000000000000000000200002679146107Raissa de Souza Lima                    Rua 4 Residencial Modern Life Apt 702   Norte guas C71907540Braslia        DF                                  00000000 000020
10213699339000170065400194703    0000N/A                      000088500000000000000109                     I018850      10121700000000062913410065408N031117053900000000000001012170000000000000000000000000000000000000000200088492648104Daniel Guilherme Santos de Fra          Rua 37 Sul Lote 1719 Condomnio Real CeleSul guas Cla71931540Braslia        DF                                  00000000 000021
10213699339000170065400194703    0000N/A                      000091160000000000000109                     I019116      10101700000000069903410065408N141117053900000000000001010170000000000000000000000000000000000000000200072036214134Kleverson Borges De Sousa Mace          AV das Araucrias Condomnio Blend Apt217ASul guas Cla71936250Braslia        DF                                  00000000 000022
10213699339000170065400194703    0000N/A                      000091170000000000000109                     I019117      16111700000000034953410065408N141117053900000000000001611170000000000000000000000000000000000000000200072036214134Kleverson Borges De Sousa Mace          AV das Araucrias Condomnio Blend Apt217ASul guas Cla71936250Braslia        DF                                  00000000 000023
10213699339000170065400194703    0000N/A                      000091180000000000000109                     I019118      20121700000003200003410065408N161117053900000000000002012170000000000000000000000000000000000000000209521936000132VSLINK COMUNICACAO E MULTIMIDI          QNO 18 Conjunto 27 Lote 20              Ceilndia Nor72260827Braslia        DF                                  00000000 000024
10213699339000170065400194703    0000N/A                      000091190000000000000109                     I019119      10121700000000069903410065408N171117053900000000000001012170000000000000000000000000000000000000000200000722250177Cinthia Silva Cordeiro                  Av Jacarand Lote 18 Condomnio You Life SSul guas Cla71927540Brasilia       DF                                  00000000 000025
10213699339000170065400194703    0000N/A                      000091200000000000000109                     I019120      17111700000000139863410065408N171117053900000000000001711170000000000000000000000000000000000000000200036980056620Vanderlei Geraldo Magela Dumba          Av Jacarand Lote 18 Condomnio You Life SSul guas Cla71927540Braslia        DF                                  00000000 000026
9                                                                                                                                                                                                                                                                                                                                                                                                         000027
