01REMESSA01COBRANCA       065400194703        ITRIX INTERNET INTELIGENTE LTD341BANCO ITAU SA  300617                                                                                                                                                                                                                                                                                                      000001
10213699339000170065400194703    0000N/A                      000001420000000000000109                     I01142       10071700000000039903410065408N300617053900000000000001007170000000000000000000000000000000000000000200001142729133Nathalia Reinehr Fernandes              Av Jacarand 18 Cond You Life Style      Aguas Claras71927540Brasilia       DF                                  00000000 000002
10213699339000170065400194703    0000N/A                      000001430000000000000109                     I01143       10071700000000089903410065408N300617053900000000000001007170000000000000000000000000000000000000000200036980056620Vanderlei Geraldo Magela Dumba          Av Jacarand 18 Cond You Life Style      Aguas Claras71927540Braslia        DF                                  00000000 000003
10213699339000170065400194703    0000N/A                      000001440000000000000109                     I01144       10071700000000058253410065408N300617053900000000000001007170000000000000000000000000000000000000000200096976063668Emerson de Salles                       Rua Babau 3                             Aguas Claras71928000Brasilia       DF                                  00000000 000004
10213699339000170065400194703    0000N/A                      000001460000000000000109                     I01146       20071700000000055903410065408N300617053900000000000002007170000000000000000000000000000000000000000200001182753647Fabiano Rodrigo Viana Reis              Av Jacarand 18 Cond You Life Style      Aguas Claras71927540Brasilia       DF                                  00000000 000005
10213699339000170065400194703    0000N/A                      000001470000000000000109                     I01147       10071700000000069903410065408N300617053900000000000001007170000000000000000000000000000000000000000200026795951812Fbio Godoi Seriguchi                    Av Jacarand 18 Cond You Life Style      Aguas Claras71927540Brasilia       DF                                  00000000 000006
10213699339000170065400194703    0000N/A                      000001480000000000000109                     I01148       10071700000000069903410065408N300617053900000000000001007170000000000000000000000000000000000000000200000722250177Cinthia Silva Cordeiro                  Av Jacarand 18 Cond You Life Style      Aguas Claras71927540Brasilia       DF                                  00000000 000007
10213699339000170065400194703    0000N/A                      000001490000000000000109                     I01149       10071700000000055903410065408N300617053900000000000001007170000000000000000000000000000000000000000200050461923300Willane Oliveira da Silva               Av Jacarand 18 Cond You Life Style      Aguas Claras71927540Brasilia       DF                                  00000000 000008
10213699339000170065400194703    0000N/A                      000001500000000000000109                     I01150       10071700000000069903410065408N300617053900000000000001007170000000000000000000000000000000000000000200003321442167Rayssa Fernanda Amador Freire           Av Jacarand 18 Cond You Life Style      Aguas Claras71927540Brasilia       DF                                  00000000 000009
10213699339000170065400194703    0000N/A                      000001510000000000000109                     I01151       10071700000000055903410065408N300617053900000000000001007170000000000000000000000000000000000000000200072169567100Leila Ferreira da Silva                 Av Jacarand 18 Cond You Life Style      Aguas Claras71927540Brasilia       DF                                  00000000 000010
10213699339000170065400194703    0000N/A                      000001520000000000000109                     I01152       10071700000000039903410065408N300617053900000000000001007170000000000000000000000000000000000000000200074697161653Angela Boni                             Av Jacarand 18 Cond You Life Style      Aguas Claras71927540Brasilia       DF                                  00000000 000011
10213699339000170065400194703    0000N/A                      000001530000000000000109                     I01153       10071700000000069903410065408N300617053900000000000001007170000000000000000000000000000000000000000200000599078197Andre Pepeira Passos                    Av Jacarand 18 Cond You Life Style      Aguas Claras71927540Brasilia       DF                                  00000000 000012
10213699339000170065400194703    0000N/A                      000001540000000000000109                     I01154       10071700000000039903410065408N300617053900000000000001007170000000000000000000000000000000000000000200005444414430Manoel Eleuterio Neto                   Av Jacarand 18 Cond You Life Style      Aguas Claras71927540Brasilia       DF                                  00000000 000013
10213699339000170065400194703    0000N/A                      000001550000000000000109                     I01155       10071700000000039903410065408N300617053900000000000001007170000000000000000000000000000000000000000200072092521187Barbara Andressa Cruz                   Av Jacarand 18 Cond You Life Style      Aguas Claras71927540Brasilia       DF                                  00000000 000014
10213699339000170065400194703    0000N/A                      000001560000000000000109                     I01156       10071700000000039903410065408N300617053900000000000001007170000000000000000000000000000000000000000200083293957153Valdemar Pereira da Cunha Filh          Av Jacarand 18 Cond You Life Style      Aguas Claras71927540Brasilia       DF                                  00000000 000015
10213699339000170065400194703    0000N/A                      000001570000000000000109                     I01157       10071700000000039903410065408N300617053900000000000001007170000000000000000000000000000000000000000200070502021500Regima Amelha Lunkes                    Av Jacarand 18 Cond You Life Style      Aguas Claras71927540Brasilia       DF                                  00000000 000016
10213699339000170065400194703    0000N/A                      000001580000000000000109                     I01158       10071700000000069903410065408N300617053900000000000001007170000000000000000000000000000000000000000200030028798864Nery Domingos Gomes de Souza            Av Jacarand 18 Cond You Life Style      Aguas Claras71927540Brasilia       DF                                  00000000 000017
10213699339000170065400194703    0000N/A                      000001590000000000000109                     I01159       10071700000000069903410065408N300617053900000000000001007170000000000000000000000000000000000000000200072316942172Cibele de Melo Sales Macedo             Av Jacarand 18 Cond You Life Style      Aguas Claras71927540Brasilia       DF                                  00000000 000018
10213699339000170065400194703    0000N/A                      000001600000000000000109                     I01160       10071700000000069903410065408N300617053900000000000001007170000000000000000000000000000000000000000200065919947187Celson Shujimurakami                    Av Jacarand 18 Cond You Life Style      Aguas Claras71927540Brasilia       DF                                  00000000 000019
10213699339000170065400194703    0000N/A                      000001610000000000000109                     I01161       10071700000000069903410065408N300617053900000000000001007170000000000000000000000000000000000000000200099250217153Ronan Araujo Alcantara                  Av Jacarand 18 Cond You Life Style      Aguas Claras71927540Brasilia       DF                                  00000000 000020
10213699339000170065400194703    0000N/A                      000001620000000000000109                     I01162       10071700000000039903410065408N300617053900000000000001007170000000000000000000000000000000000000000200081480016187Waldomiro Eufrasio Rosa                 Av Jacarand 18 Cond You Life Style      Aguas Claras71927540Brasilia       DF                                  00000000 000021
10213699339000170065400194703    0000N/A                      000001630000000000000109                     I01163       10071700000000039903410065408N300617053900000000000001007170000000000000000000000000000000000000000200000752829173Emerson Moraes Sousa Costa              Av Jacarand 18 Cond You Life Style      Aguas Claras71927540Brasilia       DF                                  00000000 000022
10213699339000170065400194703    0000N/A                      000001640000000000000109                     I01164       10071700000000039903410065408N300617053900000000000001007170000000000000000000000000000000000000000200064898075991Neide Maria Esteves da Silveir          Av Jacarand 18 Cond You Life Style      Aguas Claras71927540Brasilia       DF                                  00000000 000023
10213699339000170065400194703    0000N/A                      000001650000000000000109                     I01165       10071700000000039903410065408N300617053900000000000001007170000000000000000000000000000000000000000200064786412104Artemison Gomes Maciel                  Av Jacarand 18 Cond You Life Style      Aguas Claras71927540Brasilia       DF                                  00000000 000024
10213699339000170065400194703    0000N/A                      000001660000000000000109                     I01166       10071700000000039903410065408N300617053900000000000001007170000000000000000000000000000000000000000200056067119668Joao Carlos Goncalves                   Av Jacarand 18 Cond You Life Style      Aguas Claras71927540Brasilia       DF                                  00000000 000025
10213699339000170065400194703    0000N/A                      000001670000000000000109                     I01167       10071700000000069903410065408N300617053900000000000001007170000000000000000000000000000000000000000200002672385173Sulen Cristine Araujo Oliveira          Av Jacarand 18 Cond You Life Style      Aguas Claras71927540Brasilia       DF                                  00000000 000026
10213699339000170065400194703    0000N/A                      000001700000000000000109                     I01170       10071700000000006993410065408N300617053900000000000001007170000000000000000000000000000000000000000200021589856821Karina Oliveira Cham                    CCSW 2 Lt04 Apt 308                     Setor Sudoes70680250Braslia        DF                                  00000000 000027
10213699339000170065400194703    0000N/A                      000001760000000000000109                     I01176       10071700000000039903410065408N300617053900000000000001007170000000000000000000000000000000000000000200086299336153Andreiew Tronconi                       Av Jacarand 18 Cond You Life Style      Aguas Claras71927540Brasilia       DF                                  00000000 000028
10213699339000170065400194703    0000N/A                      000001770000000000000109                     I01177       10071700000000039903410065408N300617053900000000000001007170000000000000000000000000000000000000000200070382034104Leila Vieira Borges Sousa               Av Jacarand 18 Cond You Life Style      Aguas Claras71927540Brasilia       DF                                  00000000 000029
10213699339000170065400194703    0000N/A                      000001780000000000000109                     I01178       10071700000000039903410065408N300617053900000000000001007170000000000000000000000000000000000000000200071243348100Daniel Rigamonte Baltar                 Av Jacarand 18 Cond You Life Style      Aguas Claras71927540Brasilia       DF                                  00000000 000030
10213699339000170065400194703    0000N/A                      000001790000000000000109                     I01179       10071700000000069903410065408N300617053900000000000001007170000000000000000000000000000000000000000200001318440165Itamar Santos Batista Carneiro          Av Jacarand 18 Cond You Life Style      Aguas Claras71927540Brasilia       DF                                  00000000 000031
10213699339000170065400194703    0000N/A                      000001800000000000000109                     I01180       10071700000000069903410065408N300617053900000000000001007170000000000000000000000000000000000000000200065870778115Marcio Luciano Reis                     Av Araucrias Resid Blend Apt 921A       Sul guas Cla71936250Braslia        DF                                  00000000 000032
10213699339000170065400194703    0000N/A                      000001810000000000000109                     I01181       10071700000000069903410065408N300617053900000000000001007170000000000000000000000000000000000000000200004923016116Ana Maria de Sousa Guedes               Qd 205 Cond Paco Linea Apt 1602         Sul Aguas Cl71925000Braslia        DF                                  00000000 000033
10213699339000170065400194703    0000N/A                      000001820000000000000109                     I01182       10071700000000069903410065408N300617053900000000000001007170000000000000000000000000000000000000000200008280791612Andre Mauricio Oliveira Mximo           Av Pau Brasil Apt806 B                  Sul Aguas Cl71926000Braslia        DF                                  00000000 000034
10213699339000170065400194703    0000N/A                      000001830000000000000109                     I01183       10071700000000068933410065408N300617053900000000000001007170000000000000000000000000000000000000000200001065592140Marcos Tanaka                           CCSW 2 Lt04 Apt 409                     Setor Sudoes70680250Braslia        DF                                  00000000 000035
10213699339000170065400194703    0000N/A                      000001870000000000000109                     I01187       10071700000000028003410065408N300617053900000000000001007170000000000000000000000000000000000000000200000802000100HC Pneus SA                             St Sia Trecho 01                        Setor De Ind71200010Brasilia       DF                                  00000000 000036
10213699339000170065400194703    0000N/A                      000001890000000000000109                     I01189       10071700000000023303410065408N300617053900000000000001007170000000000000000000000000000000000000000200093172702391Juliana Gonalves Aguiar                 Avenida Jacaranda                       Sul         71927540Brasilia       DF                                  00000000 000037
10213699339000170065400194703    0000N/A                      000001900000000000000109                     I01190       10071700000000047953410065408N300617053900000000000001007170000000000000000000000000000000000000000200073793183149Robert Vandaik Matos dos Santo          Av Pau Brasil Apt 1007 B                Sul Aguas Cl71926000Braslia        DF                                  00000000 000038
10213699339000170065400194703    0000N/A                      000001910000000000000109                     I01191       10071700000000037283410065408N300617053900000000000001007170000000000000000000000000000000000000000200035069143832Erick Augusto Mendes Fernandes          Q 104 Lt 1310 1370                      Norte Aguas 71900100Braslia        DF                                  00000000 000039
10213699339000170065400194703    0000N/A                      000001920000000000000109                     I01192       10071700000000058623410065408N300617053900000000000001007170000000000000000000000000000000000000000221857110000144CONDOMINIO DO RESIDENCIAL MODE          Rua 4 Norte                             Norte Aguas 71907540Braslia        DF                                  00000000 000040
10213699339000170065400194703    0000N/A                      000001930000000000000109                     I01193       10071700000000016313410065408N300617053900000000000001007170000000000000000000000000000000000000000200003250400106Rubens Silva Christichini               Q 205 Lt 02 Cond Pao Linea Apt 1405     Sul Aguas Cl71925000Braslia        DF                                  00000000 000041
10213699339000170065400194703    0000N/A                      000001940000000000000109                     I01194       10071700000000016313410065408N300617053900000000000001007170000000000000000000000000000000000000000200071415092168Bruno Maia                              Av Araucrias Cond Blend Apt1715 A       Sul Aguas Cl71936250Braslia        DF                                  00000000 000042
10213699339000170065400194703    0000N/A                      000001950000000000000109                     I01195       10071700000000009323410065408N300617053900000000000001007170000000000000000000000000000000000000000200003110794152Gilson Pereira da Costa                 QD 205  Lote 02 Pao Linea Apt 1706      Sul Aguas Cl71925000Braslia        DF                                  00000000 000043
10213699339000170065400194703    0000N/A                      000001960000000000000109                     I01196       10071700000000023293410065408N300617053900000000000001007170000000000000000000000000000000000000000206745885000134CONDOMINIO DO EDIFICIO LINEA S          CCSW 2 Lt04                             Sudoeste    70680250Braslia        DF                                  00000000 000044
10213699339000170065400194703    0000N/A                      000001970000000000000109                     I01197       10071700000000089903410065408N300617053900000000000001007170000000000000000000000000000000000000000200005111531122Bruna Las Cruz de Sousa                 Avenida Jacarand                        Sul Aguas Cl71927540Braslia        DF                                  00000000 000045
10213699339000170065400194703    0000N/A                      000001980000000000000109                     I01198       10071700000000032623410065408N300617053900000000000001007170000000000000000000000000000000000000000200005802738731Diego Cardoso Moreira                   Quadra 205                              Sul Aguas Cl71925000Braslia        DF                                  00000000 000046
10213699339000170065400194703    0000N/A                      000001990000000000000109                     I01199       10071700000000006993410065408N300617053900000000000001007170000000000000000000000000000000000000000200001869959116Ana Luisa Fraga Avelar                  Av Jacarand 18 Yls Apt 618              Sul Aguas Cl71927540Braslia        DF                                  00000000 000047
10213699339000170065400194703    0000N/A                      000002000000000000000109                     I01200       10071700000000016313410065408N300617053900000000000001007170000000000000000000000000000000000000000200001250320720Ftima Cristina Taranto guia             Rua 37 lt 17 19 R Celebr Ap 1801 C      Sul Aguas Cl71931540Braslia        DF                                  00000000 000048
9                                                                                                                                                                                                                                                                                                                                                                                                         000049
